<?xml version="1.0" encoding="UTF-8"?><collection xmlns="http://www.loc.gov/MARC21/slim"><record><leader>00465nam--2200169-u-4500</leader><controlfield tag="001">000055699</controlfield><controlfield tag="002">20161230</controlfield><controlfield tag="005">20161230201052</controlfield><controlfield tag="008">130328s1000------------r-----000-0-eng-d</controlfield><datafield ind1=" " ind2=" " tag="040"><subfield code="a">IFIN-HH</subfield></datafield><datafield ind1=" " ind2=" " tag="080"><subfield code="a">539.165.2:539.12.01</subfield></datafield><datafield ind1="1" ind2=" " tag="100"><subfield code="a">Schopper, H.F</subfield></datafield><datafield ind1="1" ind2="0" tag="245"><subfield code="a">Weak interactions and nuclear beta decay</subfield><subfield code="c">H.f. schopper</subfield></datafield><datafield ind1=" " ind2=" " tag="260"><subfield code="a">Amsterdam</subfield><subfield code="b">North-holland Publishing Company</subfield><subfield code="c">1966</subfield></datafield><datafield ind1=" " ind2=" " tag="300"><subfield code="a">X+417P</subfield></datafield><datafield ind1=" " ind2=" " tag="852"><subfield code="a">24481</subfield><subfield code="c">H.H</subfield></datafield><datafield ind1=" " ind2=" " tag="CAT"><subfield code="a">Sys</subfield><subfield code="c">20130328</subfield><subfield code="h">173333</subfield></datafield></record></collection>